<record><leader>00000cas a22000007a 4500</leader><controlfield tag="001">23435092</controlfield><controlfield tag="008">910408c19879999maudr ne      0    0eng d</controlfield><datafield ind1=" " ind2=" " tag="010"><subfield code="a">sn 91057035 </subfield></datafield><datafield ind1=" " ind2=" " tag="040"><subfield code="a">MGN</subfield><subfield code="b">eng</subfield><subfield code="c">MGN</subfield><subfield code="d">OCLCQ</subfield><subfield code="d">DLC</subfield><subfield code="d">OCLCF</subfield><subfield code="d">OCLCA</subfield></datafield><datafield ind1=" " ind2=" " tag="042"><subfield code="a">msc</subfield></datafield><datafield ind1=" " ind2=" " tag="043"><subfield code="a">n-us-ma</subfield></datafield><datafield ind1="0" ind2="0" tag="050"><subfield code="a">Newspaper</subfield></datafield><datafield ind1="0" ind2=" " tag="130"><subfield code="a">Union-news (Springfield, Mass. : Westfield ed.)</subfield></datafield><datafield ind1="1" ind2="0" tag="245"><subfield code="a">Union-news.</subfield></datafield><datafield ind1="3" ind2="0" tag="246"><subfield code="a">Sunday Republican</subfield></datafield><datafield ind1=" " ind2=" " tag="250"><subfield code="a">Westfield ed.</subfield></datafield><datafield ind1=" " ind2=" " tag="260"><subfield code="a">[Springfield, Mass. :</subfield><subfield code="b">David Starr]</subfield></datafield><datafield ind1=" " ind2=" " tag="300"><subfield code="a">v.</subfield></datafield><datafield ind1=" " ind2=" " tag="310"><subfield code="a">Daily</subfield></datafield><datafield ind1="0" ind2=" " tag="362"><subfield code="a">June 1, 1987-</subfield></datafield><datafield ind1=" " ind2=" " tag="500"><subfield code="a">Published in several regional editions.</subfield></datafield><datafield ind1=" " ind2=" " tag="500"><subfield code="a">Published on Sundays as: The Sunday Republican.</subfield></datafield><datafield ind1=" " ind2="0" tag="651"><subfield code="a">Springfield (Mass.)</subfield><subfield code="v">Newspapers.</subfield></datafield><datafield ind1=" " ind2="0" tag="651"><subfield code="a">Westfield (Mass.)</subfield><subfield code="v">Newspapers.</subfield></datafield><datafield ind1=" " ind2="7" tag="655"><subfield code="a">Newspapers.</subfield><subfield code="2">fast</subfield><subfield code="0">(OCoLC)fst01423814</subfield></datafield><datafield ind1=" " ind2="7" tag="651"><subfield code="a">Massachusetts</subfield><subfield code="z">Springfield.</subfield><subfield code="2">fast</subfield><subfield code="0">(OCoLC)fst01205519</subfield></datafield><datafield ind1=" " ind2="7" tag="651"><subfield code="a">Massachusetts</subfield><subfield code="z">Westfield.</subfield><subfield code="2">fast</subfield><subfield code="0">(OCoLC)fst01212415</subfield></datafield><datafield ind1=" " ind2=" " tag="752"><subfield code="a">United States</subfield><subfield code="b">Massachusetts</subfield><subfield code="c">Hampden</subfield><subfield code="d">Springfield.</subfield></datafield><datafield ind1=" " ind2=" " tag="752"><subfield code="a">United States</subfield><subfield code="b">Massachusetts</subfield><subfield code="c">Hampden</subfield><subfield code="d">Westfield.</subfield></datafield><datafield ind1="0" ind2="0" tag="780"><subfield code="t">Daily news (Springfield, Mass. : Westfield ed.)</subfield><subfield code="w">(DLC)sn 91057029</subfield></datafield></record>